@InProceedings{Belghazi:2018,
    title =     {Mutual Information Neural Estimation},
    author =    {Belghazi, Mohamed Ishmael and
                 Baratin, Aristide and
                 Rajeshwar, Sai and
                 Ozair, Sherjil and
                 Bengio, Yoshua and
                 Courville, Aaron and
                 Hjelm, Devon},
    booktitle = {Proceedings of the 35th International Conference on Machine Learning},
    pages =     {531--540},
    year =      {2018},
    editor =    {Dy, Jennifer and Krause, Andreas},
    volume =    {80},
    series =    {Proceedings of Machine Learning Research},
    month =     {10--15 Jul},
    publisher = {PMLR},
}

@misc{CIFAR10,
    author       = {Alex Krizhevsky and
                    Vinod Nair and
                    Geoffrey Hinton},
    title        = {The {CIFAR}-10 dataset},
    year         = {2014},
}

@article{Claesen:2015,
  author    = {Marc Claesen and
               Frank De Smet and
               Johan A. K. Suykens and
               Bart De Moor},
  title     = {A robust ensemble approach to learn from positive and unlabeled data
               using {SVM} base models},
  journal   = {Neurocomputing},
  volume    = {160},
  pages     = {73--84},
  year      = {2015},
}

@incollection{duPlessis:2014,
    author = {du Plessis, Marthinus C and
              Niu, Gang and
              Sugiyama, Masashi},
    title = {Analysis of Learning from Positive and Unlabeled Data},
    booktitle = {Advances in Neural Information Processing Systems 27},
    editor = {Z. Ghahramani and M. Welling and C. Cortes and N. D. Lawrence and K. Q. Weinberger},
    pages = {703--711},
    year = {2014},
    publisher = {Curran Associates, Inc.},
    url = {http://papers.nips.cc/paper/5509-analysis-of-learning-from-positive-and-unlabeled-data.pdf}
}

@inproceedings{Elkan:2008,
    author = {Elkan, Charles and
              Noto, Keith},
    title = {Learning Classifiers from Only Positive and Unlabeled Data},
    booktitle = {Proceedings of the 14th {ACM} {SIGKDD} International Conference on Knowledge Discovery and Data Mining},
    series = {{KDD}~'08},
    year = {2008},
    isbn = {978-1-60558-193-4},
    location = {Las Vegas, Nevada, USA},
    pages = {213--220},
    publisher = {ACM},
    address = {New York, NY, USA},
}

@article{FashionMNIST,
    author       = {Han Xiao and
                    Kashif Rasul and
                    Roland Vollgraf},
    title        = {Fashion-{MNIST}: a Novel Image Dataset for Benchmarking Machine Learning Algorithms},
    date         = {2017-08-28},
    year         = {2017},
    journal      = {CoRR},
    volume       = {cs.LG/1708.07747},
}

@article{Ghasemi:2016,
  author    = {Alireza Ghasemi and
               Hamid R. Rabiee and
               Mohsen Fadaee and
               Mohammad Taghi Manzuri and
               Mohammad H. Rohban},
  title     = {Active Learning from Positive and Unlabeled Data},
  journal   = {CoRR},
  volume    = {abs/1602.07495},
  year      = {2016},
}

@article{Guo:2017,
  author    = {Yandong Guo and
               Lei Zhang},
  title     = {One-shot Face Recognition by Promoting Underrepresented Classes},
  journal   = {CoRR},
  volume    = {abs/1707.05574},
  year      = {2017},
  url       = {http://arxiv.org/abs/1707.05574},
  archivePrefix = {arXiv},
  eprint    = {1707.05574},
}

@article{KMNIST,
  author       = {Tarin Clanuwat and
                  Mikel Bober-Irizar and
                  Asanobu Kitamoto and
                  Alex Lamb and
                  Kazuaki Yamamoto and
                  David Ha},
  title        = {Deep Learning for Classical Japanese Literature},
  date         = {2018-12-03},
  year         = {2018},
  journal      = {CoRR},
  volume       = {cs.CV/1812.01718},
}

@inproceedings{Koch:2015,
  author = {Koch, Gregory and
            Zemel, Richard and
            Salakhutdinov, Ruslan},
  title = {Siamese Neural Networks for One-shot Image Recognition},
  booktitle = {Proceedings of the 32nd International Conference on Machine Learning},
  journal = {{ICML}'15 Deep Learning Workshop},
  year = 2015,
}

@inproceedings{LeCun:1998,
  author = {LeCun, Yann and Bottou, LÃ©on and Bengio, Yoshua and Haffner, Patrick},
  booktitle = {Proceedings of the {IEEE}},
  number = 11,
  pages = {2278--2324},
  title = {Gradient-Based Learning Applied to Document Recognition},
  volume = 86,
  year = 1998
}

@inproceedings{LeCun:1999,
  author    = {Yann {LeCun} and
               Patrick Haffner and
               L{\'{e}}on Bottou and
               Yoshua Bengio},
  title     = {Object Recognition with Gradient-Based Learning},
  booktitle = {Shape, Contour and Grouping in Computer Vision},
  pages     = {319},
  year      = {1999},
}

@inproceedings{Lee:2003,
    author = {Lee, Wee Sun and Liu, Bing},
    title = {Learning with Positive and Unlabeled Examples Using Weighted Logistic Regression},
    booktitle = {Proceedings of the Twentieth International Conference on Machine Learning},
    series = {ICML'03},
    year = {2003},
    location = {Washington, DC, USA},
    pages = {448--455},
    publisher = {AAAI Press},
}

@article{Li:2011,
    author = {Wenkai Li and
              Qinghua Guo and
              Charles Elkan},
    title = {A positive and unlabeled learning algorithm for one-class classification of remote-sensing data},
    journal = {Geoscience and Remote Sensing, {IEEE} Transactions on},
    volume = {49},
    year = {2011},
    month = {2011},
    pages = {717 - 725},
}

@inproceedings{Liu:2017,
  author    = {Yashu Liu and
               Shuang Qiu and
               Ping Zhang and
               Pinghua Gong and
               Fei Wang and
               Guoliang Xue and
               Jieping Ye},
  title     = {Computational Drug Discovery with Dyadic Positive-Unlabeled Learning},
  booktitle = {Proceedings of the 2017 {SIAM} International Conference on Data Mining,
               Houston, Texas, USA, April 27-29, 2017.},
  pages     = {45--53},
  year      = {2017},
}

@inproceedings{Marasco:2016,
    author   = {Emanuela Marasco and
                Peter Wild and
                Bojan Cukic},
    title     = {Robust and interoperable fingerprint spoof detection via convolutional neural networks},
    booktitle = {Proceedings of the 2016 {IEEE} Symposium on Technologies for Homeland Security},
    year      = {2016},
}

@inproceedings{Ren:2014,
    title = "Positive Unlabeled Learning for Deceptive Reviews Detection",
    author = "Ren, Yafeng  and
      Ji, Donghong  and
      Zhang, Hongbin",
    booktitle = "Proceedings of the 2014 Conference on Empirical Methods in Natural Language Processing ({EMNLP})",
    month = oct,
    year = "2014",
    address = "Doha, Qatar",
    publisher = "Association for Computational Linguistics",
    url = "https://www.aclweb.org/anthology/D14-1055",
    doi = "10.3115/v1/D14-1055",
    pages = "488--498",
}

@InProceedings{Scott:2009,
    title =    {Novelty detection: Unlabeled data definitely help},
    author =   {Clayton Scott and Gilles Blanchard},
    booktitle = {Proceedings of the Twelfth International Conference on Artificial Intelligence and Statistics},
    pages =    {464--471},
    year =     {2009},
    editor =   {David van Dyk and Max Welling},
    volume =   {5},
    series =   {Proceedings of Machine Learning Research},
    address =      {Hilton Clearwater Beach Resort, Clearwater Beach, Florida USA},
    month =    {16--18 Apr},
    publisher =    {PMLR},
}

@incollection{Simard:1993,
    title = {Efficient Pattern Recognition Using a New Transformation Distance},
    author = {Patrice Simard and LeCun, Yann and John S. Denker},
    booktitle = {Advances in Neural Information Processing Systems 5},
    editor = {S. J. Hanson and J. D. Cowan and C. L. Giles},
    pages = {50--58},
    year = {1993},
    publisher = {Morgan-Kaufmann},
    url = {http://papers.nips.cc/paper/656-efficient-pattern-recognition-using-a-new-transformation-distance.pdf}
}

@article{Yang:2012,
    author = {Yang, Peng and Li, Xiao-Li and Mei, Jian-Ping and Kwoh, Chee-Keong and Ng, See-Kiong},
    title = "{Positive-unlabeled learning for disease gene identification}",
    journal = {Bioinformatics},
    volume = {28},
    number = {20},
    pages = {2640-2647},
    year = {2012},
    month = {08},
}

@article{Yi:2017,
  author    = {Jinfeng Yi and
               Cho{-}Jui Hsieh and
               Kush R. Varshney and
               Lijun Zhang and
               Yao Li},
  title     = {Positive-Unlabeled Demand-Aware Recommendation},
  journal   = {CoRR},
  volume    = {abs/1702.06347},
  year      = {2017},
  url       = {http://arxiv.org/abs/1702.06347},
  archivePrefix = {arXiv},
  eprint    = {1702.06347},
}
