@article{Claesen:2015,
  author    = {Marc Claesen and
               Frank De Smet and
               Johan A. K. Suykens and
               Bart De Moor},
  title     = {A robust ensemble approach to learn from positive and unlabeled data
               using {SVM} base models},
  journal   = {Neurocomputing},
  volume    = {160},
  pages     = {73--84},
  year      = {2015},
}

@incollection{duPlessis:2014,
    title = {Analysis of Learning from Positive and Unlabeled Data},
    author = {du Plessis, Marthinus C and Niu, Gang and Sugiyama, Masashi},
    booktitle = {Advances in Neural Information Processing Systems 27},
    editor = {Z. Ghahramani and M. Welling and C. Cortes and N. D. Lawrence and K. Q. Weinberger},
    pages = {703--711},
    year = {2014},
    publisher = {Curran Associates, Inc.},
    url = {http://papers.nips.cc/paper/5509-analysis-of-learning-from-positive-and-unlabeled-data.pdf}
}

@inproceedings{Elkan:2008,
    author = {Elkan, Charles and
              Noto, Keith},
    title = {Learning Classifiers from Only Positive and Unlabeled Data},
    booktitle = {Proceedings of the 14th ACM SIGKDD International Conference on Knowledge Discovery and Data Mining},
    series = {KDD '08},
    year = {2008},
    isbn = {978-1-60558-193-4},
    location = {Las Vegas, Nevada, USA},
    pages = {213--220},
    publisher = {ACM},
    address = {New York, NY, USA},
}

@article{Ghasemi:2016,
  author    = {Alireza Ghasemi and
               Hamid R. Rabiee and
               Mohsen Fadaee and
               Mohammad Taghi Manzuri and
               Mohammad H. Rohban},
  title     = {Active Learning from Positive and Unlabeled Data},
  journal   = {CoRR},
  volume    = {abs/1602.07495},
  year      = {2016},
}

@inproceedings{LeCun:1999,
  author    = {Yann {LeCun} and
               Patrick Haffner and
               L{\'{e}}on Bottou and
               Yoshua Bengio},
  title     = {Object Recognition with Gradient-Based Learning},
  booktitle = {Shape, Contour and Grouping in Computer Vision},
  pages     = {319},
  year      = {1999},
}

@article{Li:2011,
    author = {Wenkai Li and
              Qinghua Guo and
              Charles Elkan},
    title = {A positive and unlabeled learning algorithm for one-class classification of remote-sensing data},
    journal = {Geoscience and Remote Sensing, IEEE Transactions on},
    volume = {49},
    year = {2011},
    month = {2011},
    pages = {717 - 725},
    keywords = {Gaussian distribution, Gaussian domain descriptor method, geophysical image processing, geophysical techniques, high-spatial-resolution aerial photograph, image classification, image resolution, one-class classification, one-class support-vector machine, photogrammetry, positive learning algorithm, remote sensing, remote-sensing classification, statistical analysis, support vector machines, unlabeled learning algorithm},
}

@inproceedings{Liu:2017,
  author    = {Yashu Liu and
               Shuang Qiu and
               Ping Zhang and
               Pinghua Gong and
               Fei Wang and
               Guoliang Xue and
               Jieping Ye},
  title     = {Computational Drug Discovery with Dyadic Positive-Unlabeled Learning},
  booktitle = {Proceedings of the 2017 {SIAM} International Conference on Data Mining,
               Houston, Texas, USA, April 27-29, 2017.},
  pages     = {45--53},
  year      = {2017},
}

@inproceedings{Ren:2014,
    title = "Positive Unlabeled Learning for Deceptive Reviews Detection",
    author = "Ren, Yafeng  and
      Ji, Donghong  and
      Zhang, Hongbin",
    booktitle = "Proceedings of the 2014 Conference on Empirical Methods in Natural Language Processing ({EMNLP})",
    month = oct,
    year = "2014",
    address = "Doha, Qatar",
    publisher = "Association for Computational Linguistics",
    url = "https://www.aclweb.org/anthology/D14-1055",
    doi = "10.3115/v1/D14-1055",
    pages = "488--498",
}

@online{FashionMNIST,
    author       = {Han Xiao and Kashif Rasul and Roland Vollgraf},
    title        = {Fashion-{MNIST}: a Novel Image Dataset for Benchmarking Machine Learning Algorithms},
    date         = {2017-08-28},
    year         = {2017},
    eprintclass  = {cs.LG},
    eprinttype   = {arXiv},
    eprint       = {cs.LG/1708.07747},
}

@article{Yang:2012,
    author = {Yang, Peng and Li, Xiao-Li and Mei, Jian-Ping and Kwoh, Chee-Keong and Ng, See-Kiong},
    title = "{Positive-unlabeled learning for disease gene identification}",
    journal = {Bioinformatics},
    volume = {28},
    number = {20},
    pages = {2640-2647},
    year = {2012},
    month = {08},
}

@article{Yi:2017,
  author    = {Jinfeng Yi and
               Cho{-}Jui Hsieh and
               Kush R. Varshney and
               Lijun Zhang and
               Yao Li},
  title     = {Positive-Unlabeled Demand-Aware Recommendation},
  journal   = {CoRR},
  volume    = {abs/1702.06347},
  year      = {2017},
  url       = {http://arxiv.org/abs/1702.06347},
  archivePrefix = {arXiv},
  eprint    = {1702.06347},
}
